@misc{noauthor_lps_design,
	title = {Basic Linear Power Supply Circuits Design},
	howpublished = {\url{https://circuitlib.com/index.php/lessons/91-basic-linear-power-supply-circuits-design}},
	abstract = {},
	month = sep,
	year = {2013},
	language = {en},
	urldate = {11-09-2013},
	journal = {},
}

@misc{noauthor_nodate_lps_current_limiter,
	title = {Power Supply Current Limiter Circuits Â» Electronics Notes},
	howpublished = {\url{https://www.electronics-notes.com/articles/analogue_circuits/power-supply-electronics/current-limiter-circuit.php}},
	abstract = {},
	language = {en},
	journal = {},
}

@misc{blog_post,
	title = {Series Feedback Voltage Regulator},
	abstract = {CIrcuit digram of Series Feedback Voltage Regulator . Working of Series Feedback Voltage Regulator . Operation of Series Feedback Voltage Regulator.},
	language = {en},
	urldate = {2015-09-30T11:33:03+00:00},
	month = sep,
	year = {2015},
	note = {Section: Electronics Post},
	howpublished = {\url{https://electronicspost.com/series-feedback-voltage-regulator/}},
	author = {{Sasmita}}
}

@misc{CUI_Devices,
	title = {How to Select a Heat Sink},
	abstract = {Heat sinks are an important element in circuit design because they provide an efficient path for heat to be transferred into the ambient air and away from electronic devices (eg. BJTs, MOSFETs, linear regulators, BGA packages, etc.). The....},
	language = {en},
	urldate = {2017-07-25},
	month = aug,
	year = {2017},
	note = {CUI Devices},
	howpublished = {\url{https://www.cuidevices.com/blog/how-to-select-a-heat-sink}},
	author = {{Ryan Smoot}}
}
@misc{noauthor_nodate_Amplifiers,
	title = {Power Transistors and Heat sinks},
	howpublished = {\url{https://learnabout-electronics.org/Amplifiers/amplifiers51.php}},
	abstract = {},
	language = {en},
	journal = {},
}
